<record><leader>00000cas a22000007a 4500</leader><controlfield tag="001">17452986</controlfield><controlfield tag="008">880209d19021902iaucr ne      0    0eng d</controlfield><datafield ind1=" " ind2=" " tag="010"><subfield code="a">sn 88059480 </subfield></datafield><datafield ind1=" " ind2=" " tag="040"><subfield code="a">INP</subfield><subfield code="b">eng</subfield><subfield code="c">INP</subfield><subfield code="d">OCLCQ</subfield></datafield><datafield ind1=" " ind2=" " tag="042"><subfield code="a">msc</subfield></datafield><datafield ind1="0" ind2=" " tag="130"><subfield code="a">Floyd County semi-weekly advocate (Charles City, Iowa : 1902)</subfield></datafield><datafield ind1="1" ind2="0" tag="245"><subfield code="a">Floyd County semi-weekly advocate.</subfield></datafield><datafield ind1="1" ind2="3" tag="246"><subfield code="a">Floyd County advocate</subfield></datafield><datafield ind1=" " ind2=" " tag="260"><subfield code="a">Charles City, Iowa :</subfield><subfield code="b">B.F. Wright,</subfield><subfield code="c">1902.</subfield></datafield><datafield ind1=" " ind2=" " tag="300"><subfield code="a">2 v.</subfield></datafield><datafield ind1=" " ind2=" " tag="310"><subfield code="a">Semiweekly</subfield></datafield><datafield ind1="0" ind2=" " tag="362"><subfield code="a">Vol. 33, no. 71 (Mar. 11, 1902)-v. 34, no. 17 (Sept. 5, 1902).</subfield></datafield><datafield ind1=" " ind2=" " tag="752"><subfield code="a">United States</subfield><subfield code="b">Iowa</subfield><subfield code="c">Floyd</subfield><subfield code="d">Charles City.</subfield></datafield><datafield ind1="0" ind2="0" tag="780"><subfield code="t">Floyd County advocate (Charles City, Iowa : 1868)</subfield><subfield code="w">(DLC)sn 84027066</subfield></datafield><datafield ind1="0" ind2="6" tag="785"><subfield code="t">Floyd County weekly advocate</subfield><subfield code="w">(DLC)sn 88059481</subfield></datafield><datafield ind1="0" ind2="6" tag="785"><subfield code="t">Charles City weekly advocate</subfield><subfield code="w">(DLC)sn 88059482</subfield></datafield></record>